###### Intro to defect detection ######
@ARTICLE{sciencedirect:NGAN2011442,
      title = {Automated fabric defect detectionâ€”A review},
      journal = {Image and Vision Computing},
      volume = {29},
      number = {7},
      pages = {442 - 458},
      year = {2011},
      issn = {0262-8856},
      doi = {https://doi.org/10.1016/j.imavis.2011.02.002},
      url = {http://www.sciencedirect.com/science/article/pii/S0262885611000230},
      author = {Henry Y.T. Ngan and Grantham K.H. Pang and Nelson H.C. Yung}
}

@INPROCEEDINGS{ieee:4777721,
      author={M. {Sharifzadeh} and S. {Alirezaee} and R. {Amirfattahi} and S. {Sadri}},
      booktitle={2008 IEEE International Multitopic Conference},
      title={Detection of steel defect using the image processing algorithms},
      year={2008},
      volume={},
      number={},
      pages={125-127},
      doi={10.1109/INMIC.2008.4777721},
      ISSN={},
      month={December}
}

@INPROCEEDINGS{ieee:8623728,
      author={L. {Chen} and J. {Deng}},
      booktitle={2018 Chinese Automation Congress (CAC)},
      title={Research on Surface Defects Detection of Stainless Steel Spoon Based on Machine Vision},
      year={2018},
      volume={},
      number={},
      pages={1096-1101},
      keywords={automatic optical inspection;computer vision;feature extraction;flaw detection;image segmentation;materials science computing;stainless steel;stainless steel spoon;machine vision;digital image processing;optical imaging;high-gloss surfaces;stainless steel surface defect detection method;image processing technology;defect image;automatic threshold segmentation method;defect type;Steel;Surface treatment;Image segmentation;Object segmentation;Feature extraction;image processing;defect detection;threshold segmentation;feature extraction},
      doi={10.1109/CAC.2018.8623728},
      ISSN={},
      month={November}
}

@INPROCEEDINGS{ieee:7030439,
      author={G. K. {Nand} and {Noopur} and N. {Neogi}},
      booktitle={2014 Annual IEEE India Conference (INDICON)},
      title={Defect detection of steel surface using entropy segmentation},
      year={2014},
      volume={},
      number={},
      pages={1-6},
      doi={10.1109/INDICON.2014.7030439},
      ISSN={},
      month={December}
}

###### Intro to Deep Learning ######
@ARTICLE{researchgate:deeplearning,
      author = {LeCun, Yann and Bengio, Y. and Hinton, Geoffrey},
      year = {2015},
      month = {May},
      pages = {436-44},
      title = {Deep Learning},
      volume = {521},
      journal = {Nature},
      doi = {10.1038/nature14539}
}

@BOOK{Goodfellow:2016:DL:3086952,
      author = {Goodfellow, Ian and Bengio, Yoshua and Courville, Aaron},
      title = {Deep Learning},
      year = {2016},
      isbn = {0262035618, 9780262035613},
      publisher = {The MIT Press}
}

@BOOK{Rojas:1996:NNS:235222,
 author = {Rojas, Ra\'{u}l},
 title = {Neural Networks: A Systematic Introduction},
 year = {1996},
 isbn = {3-540-60505-3},
 publisher = {Springer-Verlag},
 address = {Berlin, Heidelberg},
}

###### CNN for classification ######
@INCOLLECTION{nips:NIPS1989_293,
      title = {Handwritten Digit Recognition with a Back-Propagation Network},
      author = {LeCun, Yann and Bernhard E. Boser and John S. Denker and Donnie Henderson and R. E. Howard and Wayne E. Hubbard and Lawrence D. Jackel},
      booktitle = {Advances in Neural Information Processing Systems 2},
      editor = {D. S. Touretzky},
      pages = {396--404},
      year = {1990},
      publisher = {Morgan-Kaufmann},
      url = {http://papers.nips.cc/paper/293-handwritten-digit-recognition-with-a-back-propagation-network.pdf}
}

@INPROCEEDINGS{ieee:6248110,
      author={D. {Ciregan} and U. {Meier} and J. {Schmidhuber}},
      booktitle={2012 IEEE Conference on Computer Vision and Pattern Recognition},
      title={Multi-column deep neural networks for image classification},
      year={2012},
      volume={},
      number={},
      pages={3642-3649},
      ISSN={},
      month={June}
}

@INPROCEEDINGS{ieee:6460867,
      author={P. {Sermanet} and S. {Chintala} and Y. {LeCun}},
      booktitle={Proceedings of the 21st International Conference on Pattern Recognition (ICPR2012)},
      title={Convolutional neural networks applied to house numbers digit classification},
      year={2012},
      volume={},
      number={},
      pages={3288-3291},
      doi={},
      ISSN={},
      month={November}
}


###### CNN for object detection ######
@INPROCEEDINGS{LeCun:1999:ORG:646469.691875,
      author = {LeCun, Yann and Haffner, Patrick and Bottou, L{\'e}on and Bengio, Yoshua},
      title = {Object Recognition with Gradient-Based Learning},
      booktitle = {Shape, Contour and Grouping in Computer Vision},
      year = {1999},
      isbn = {3-540-66722-9},
      pages = {319--},
      url = {http://dl.acm.org/citation.cfm?id=646469.691875},
      acmid = {691875},
      publisher = {Springer-Verlag},
      address = {London, UK, UK}
} 

@ARTICLE{ieee:726791,
      author={Y. {Lecun} and L. {Bottou} and Y. {Bengio} and P. {Haffner}},
      journal={Proceedings of the IEEE},
      title={Gradient-based learning applied to document recognition},
      year={1998},
      volume={86},
      number={11},
      pages={2278-2324},
      doi={10.1109/5.726791},
      ISSN={},
      month={November}
}

@INPROCEEDINGS{ieee:7410526,
      author={R. {Girshick}},
      booktitle={2015 IEEE International Conference on Computer Vision (ICCV)},
      title={Fast R-CNN},
      year={2015},
      volume={},
      number={},
      pages={1440-1448},
      doi={10.1109/ICCV.2015.169},
      ISSN={},
      month={December}
}

@INPROCEEDINGS{ieee:7532516,
      author={X. {Wang} and H. {Ma} and X. {Chen}},
      booktitle={2016 IEEE International Conference on Image Processing (ICIP)},
      title={Salient object detection via fast R-CNN and low-level cues},
      year={2016},
      volume={},
      number={},
      pages={1042-1046},
      ISSN={},
      month={September}
}

@ARTICLE{arXiv:1312.6229S,
       author = {{Sermanet}, Pierre and {Eigen}, David and {Zhang}, Xiang and
         {Mathieu}, Michael and {Fergus}, Rob and {LeCun}, Yann},
        title = {OverFeat: Integrated Recognition, Localization and Detection using Convolutional Networks},
      journal = {arXiv e-prints},
         year = {2013},
        month = {December},
          eid = {arXiv:1312.6229},
archivePrefix = {arXiv},
       eprint = {1312.6229},
 primaryClass = {cs.CV},
       adsurl = {https://ui.adsabs.harvard.edu/abs/2013arXiv1312.6229S},
      adsnote = {Provided by the SAO/NASA Astrophysics Data System}
}

###### Wavelets ######
@BOOK{Vetterli:1995:WSC:201007,
      author = {Vetterli, Martin and Kova\v{c}evic, Jelena},
      title = {Wavelets and Subband Coding},
      year = {1995},
      isbn = {0-13-097080-8},
      publisher = {Prentice-Hall, Inc.},
      address = {Upper Saddle River, NJ, USA}
} 

@BOOK{Daubechies:1992:TLW:130655,
      author = {Daubechies, Ingrid},
      title = {Ten Lectures on Wavelets},
      year = {1992},
      isbn = {0-89871-274-2},
      publisher = {Society for Industrial and Applied Mathematics},
      address = {Philadelphia, PA, USA}
} 

@ARTICLE{intechopen:bernardini,
      author={Bernardini, Riccardo},
      title={Wavelets for Differential Equations and Numerical Operator Calculus [Online First]},
      publisher={IntechOpen},
      doi={10.5772/intechopen.82820},
      url={https://www.intechopen.com/online-first/wavelets-for-differential-equations-and-numerical-operator-calculus},
      year={2019},
      month={February},
      day={14},
}

@BOOK{googlescholar:bernardini2007banchi,
      author={Bernardini, Riccardo},
      title={Banchi di filtri},
      isbn={9788889884065},
      url={https://books.google.it/books?id=S7S7nQAACAAJ},
      year={2007},
      publisher={S.G.E.}
}

###### Edge detection ######
@BOOK{Klette:2014:CCV:2584519,
      author = {Klette, Reinhard},
      title = {Concise Computer Vision: An Introduction into Theory and Algorithms},
      year = {2014},
      isbn = {1447163192, 9781447163190},
      publisher = {Springer Publishing Company, Incorporated}
}

@INPROCEEDINGS{researchgate:kovesi,
      Author = {Kovesi, Peter},
      Journal = {DICTA},
      Month = {Genuary},
      Title = {Phase Congruency Detects Corners and Edges},
      Volume = {2003},
      Year = {2003}
}

@ARTICLE{researchgate:morrone,
      Author = {Morrone, M and Burr, David},
      Doi = {10.1098/rspb.1988.0073},
      Journal = {Proceedings of the Royal Society of London. Series B, Containing papers of a Biological character. Royal Society (Great Britain)},
      Month = {Genuary},
      Pages = {221-45},
      Title = {Feature Detection in Human Vision: A Phase-Dependent Energy Model},
      Volume = {235},
      Year = {1989},
      Bdsk-Url-1 = {https://doi.org/10.1098/rspb.1988.0073}
}

###### Wavelet & defect detection ######

@ARTICLE{ieee:993164,
      author={A. {Kumar} and G. K. H. {Pang}},
      journal={IEEE Transactions on Industry Applications},
      title={Defect detection in textured materials using Gabor filters},
      year={2002},
      volume={38},
      number={2},
      pages={425-440},
      doi={10.1109/28.993164},
      ISSN={},
      month={March}
}

@INPROCEEDINGS{ieee:6703333,
      author={Y. {Li} and X. {Di}},
      booktitle={2013 3rd International Conference on Consumer Electronics, Communications and Networks},
      title={Fabric defect detection using wavelet decomposition},
      year={2013},
      volume={},
      number={},
      pages={308-311},
      doi={10.1109/CECNet.2013.6703333},
      ISSN={},
      month={November}
}

@INPROCEEDINGS{ieee:7155940,
      author={V. V. {Karlekar} and M. S. {Biradar} and K. B. {Bhangale}},
      booktitle={2015 International Conference on Computing Communication Control and Automation},
      title={Fabric Defect Detection Using Wavelet Filter},
      year={2015},
      volume={},
      number={},
      pages={712-715},
      doi={10.1109/ICCUBEA.2015.145},
      ISSN={},
      month={February}
}

@INPROCEEDINGS{ieee:1334512,
      author={ {Hongbin Jia} and Y. L. {Murphey} and {Jinajun Shi} and {Tzyy-Shuh Chang}},
      booktitle={Proceedings of the 17th International Conference on Pattern Recognition, 2004. ICPR 2004.},
      title={An intelligent real-time vision system for surface defect detection},
      year={2004},
      volume={3},
      number={},
      pages={239-242 Vol.3},
      doi={10.1109/ICPR.2004.1334512},
      ISSN={},
      month={August}
}

@INPROCEEDINGS{ieee:6738559,
      author={J. {Masci} and A. {Giusti} and D. {Ciresan} and G. {Fricout} and J. {Schmidhuber}},
      booktitle={2013 IEEE International Conference on Image Processing},
      title={A fast learning algorithm for image segmentation with max-pooling convolutional networks},
      year={2013},
      volume={},
      number={},
      pages={2713-2717},
      doi={10.1109/ICIP.2013.6738559},
      ISSN={},
      month={September}
}

###### Image segmentation ######

@ARTICLE{mit:kovesiphase,
	author = {Peter Kovesi and Peter Kovesi},
	title = {Image Features From Phase Congruency},
	institution = {Videre},
	year = {1995}
}

@ARTICLE{googlescholar:kovesiphase,
  title={Phase Congruency Detects Corners and Edges},
  author={Kovesi, Peter}
}

@misc {kovesilibrary,
	author = {P. D. Kovesi},
	title = {{MATLAB} and {Octave} Functions for Computer Vision and Image Processing},
	url = {http://www.peterkovesi.com/matlabfns/}
}

@ARTICLE{researchgate:phase,
      author = {Morrone, M and Burr, David},
      year = {1989},
      month = {Genuary},
      pages = {221-45},
      title = {Feature Detection in Human Vision: A Phase-Dependent Energy Model},
      volume = {235},
      journal = {Proceedings of the Royal Society of London. Series B, Containing papers of a Biological character. Royal Society (Great Britain)},
      doi = {10.1098/rspb.1988.0073}
}

@INPROCEEDINGS{springer:10.1007/11907350_46,
      author={Stelldinger, Peer and K{\"o}the, Ullrich and Meine, Hans},
      editor={Kuba, Attila and Ny{\'u}l, L{\'a}szl{\'o} G. and Pal{\'a}gyi, K{\'a}lm{\'a}n},
      title={Topologically Correct Image Segmentation Using Alpha Shapes},
      booktitle={Discrete Geometry for Computer Imagery},
      year={2006},
      publisher={Springer Berlin Heidelberg},
      address={Berlin, Heidelberg},
      pages={542--554},
      isbn={978-3-540-47652-8}
}

@INPROCEEDINGS{ieee:7684170,
      author={J. {Kuruvilla} and D. {Sukumaran} and A. {Sankar} and S. P. {Joy}},
      booktitle={2016 International Conference on Data Mining and Advanced Computing (SAPIENCE)},
      title={A review on image processing and image segmentation},
      year={2016},
      volume={},
      number={},
      pages={198-203},
      doi={10.1109/SAPIENCE.2016.7684170},
      ISSN={},
      month={March}
}

@ARTICLE{ieee:6205760,
      author={R. {Achanta} and A. {Shaji} and K. {Smith} and A. {Lucchi} and P. {Fua} and S. {SÃ¼sstrunk}},
      journal={IEEE Transactions on Pattern Analysis and Machine Intelligence},
      title={SLIC Superpixels Compared to State-of-the-Art Superpixel Methods},
      year={2012},
      volume={34},
      number={11},
      pages={2274-2282},
      doi={10.1109/TPAMI.2012.120},
      ISSN={},
      month={November}
}

@ARTICLE{ieee:87344,
      author={L. {Vincent} and P. {Soille}},
      journal={IEEE Transactions on Pattern Analysis and Machine Intelligence},
      title={Watersheds in digital spaces: an efficient algorithm based on immersion simulations},
      year={1991},
      volume={13},
      number={6},
      pages={583-598},
      doi={10.1109/34.87344},
      ISSN={},
      month={June}
}

@ARTICLE{springer:Kass1988,
      author="Kass, Michael
      and Witkin, Andrew
      and Terzopoulos, Demetri",
      title="Snakes: Active contour models",
      journal="International Journal of Computer Vision",
      year="1988",
      month="January",
      day="01",
      volume="1",
      number="4",
      pages="321--331",
      issn="1573-1405",
      doi="10.1007/BF00133570",
      url="https://doi.org/10.1007/BF00133570"
}

@ARTICLE{ieee:4310039,
      author={},
      journal={IEEE Transactions on Systems, Man, and Cybernetics},
      title={Picture Thresholding Using an Iterative Selection Method},
      year={1978},
      volume={8},
      number={8},
      pages={630-632},
      doi={10.1109/TSMC.1978.4310039},
      ISSN={},
      month={August}
}

@ARTICLE{ieee:1273918,
      author={D. R. {Martin} and C. C. {Fowlkes} and J. {Malik}},
      journal={IEEE Transactions on Pattern Analysis and Machine Intelligence},
      title={Learning to detect natural image boundaries using local brightness, color, and texture cues},
      year={2004},
      volume={26},
      number={5},
      pages={530-549},
      doi={10.1109/TPAMI.2004.1273918},
      ISSN={},
      month={May}
}

@ARTICLE{ieee:868688,
      author={ {Jianbo Shi} and J. {Malik}},
      journal={IEEE Transactions on Pattern Analysis and Machine Intelligence},
      title={Normalized cuts and image segmentation},
      year={2000},
      volume={22},
      number={8},
      pages={888-905},
      doi={10.1109/34.868688},
      ISSN={},
      month={August}
}

###### Optimization & Cross validation ######
@ARTICLE{arXiv:2018arXiv180702811F,
      author = {{Frazier}, Peter I.},
      title = {A Tutorial on Bayesian Optimization},
      journal = {arXiv e-prints},
      keywords = {Statistics - Machine Learning, Computer Science - Machine Learning, Mathematics - Optimization and Control},
      year = {2018},
      month = {July},
      eid = {arXiv:1807.02811},
      pages = {arXiv:1807.02811},
      archivePrefix = {arXiv},
      eprint = {1807.02811},
      primaryClass = {stat.ML},
      adsurl = {https://ui.adsabs.harvard.edu/abs/2018arXiv180702811F},
      adsnote = {Provided by the SAO/NASA Astrophysics Data System}
}

@ARTICLE{arXiv:2012arXiv1206.2944S,
      author = {{Snoek}, Jasper and {Larochelle}, Hugo and {Adams}, Ryan P.},
      title = {Practical Bayesian Optimization of Machine Learning Algorithms},
      journal = {arXiv e-prints},
      keywords = {Statistics - Machine Learning, Computer Science - Machine Learning},
      year = {2012},
      month = {June},
      eid = {arXiv:1206.2944},
      pages = {arXiv:1206.2944},
      archivePrefix = {arXiv},
      eprint = {1206.2944},
      primaryClass = {stat.ML},
      adsurl = {https://ui.adsabs.harvard.edu/abs/2012arXiv1206.2944S},
      adsnote = {Provided by the SAO/NASA Astrophysics Data System}
}

@book{rasmussen:williams:2006,
      added-at = {2009-03-05T08:49:50.000+0100},
      author = {Rasmussen, C. E. and Williams, C. K. I.},
      biburl = {https://www.bibsonomy.org/bibtex/26771eaebbee7d852934f29aa33dea971/bcao},
      interhash = {72c030472023000e0bdeeb06081c3764},
      intrahash = {6771eaebbee7d852934f29aa33dea971},
      keywords = {},
      publisher = {MIT Press},
      timestamp = {2009-03-05T08:49:50.000+0100},
      title = {Gaussian Processes for Machine Learning},
      year = {2006}
}



#### REPO

@ONLINE{antonioterpin:github,
      author = {Terpin, A. and Verardo, C.},
      title = {An effective approach to steel defect detection},
      year = 2019,
      url = {https://github.com/antonioterpin/wavelet_ml},
      urldate = {2019-10-15}
}

@ONLINE{kaggle:severstal,
      author={Severstal},
      title={Severstal: Steel Defect Detection},
      url={https://www.kaggle.com/c/severstal-steel-defect-detection},
      urldate={2019-10-25}
}

@ONLINE{matlab:acquisition,
      author={MATLAB},
      title={Acquisition Function Types},
      url={https://ch.mathworks.com/help/stats/bayesian-optimization-algorithm.html#bvaz8tr-1},
      urldate={2019-10-25}
}

@ONLINE{matlab:bayesian-opt,
      author={MATLAB},
      title={Bayesian Optimization Algorithm},
      url={https://ch.mathworks.com/help/stats/bayesian-optimization-algorithm.html},
      urldate={2019-10-25}
}

@ONLINE{matlab:alpha-shape,
      author={MATLAB},
      title={alphaShape},
      url={https://ch.mathworks.com/help/matlab/ref/alphashape.html},
      urldate={2019-10-25}
}

##### STEEL DEFECTS
@ONLINE{wiki:rolling,
      author = {Wikipedia},
      title = {Rolling (metalworking) --- Wikipedia{,} The Free Encyclopedia},
      url = {https://en.wikipedia.org/wiki/Rolling_(metalworking)},
      urldate = {2019-10-17}
}

@ONLINE{wiki:casting,
      author = {Wikipedia},
      title = {Casting --- Wikipedia{,} The Free Encyclopedia},
      url = {https://en.wikipedia.org/wiki/Casting},
      urldate = {2019-10-17}
}

@ONLINE{defects:64common,
      author={Steeljrv.com},
      title={64 pictures of common defects in strip steel},
      url={https://www.steeljrv.com/64-pictures-of-common-defects-in-strip-steel.html},
      urldate={2019-10-17}
}

@ONLINE{defects:mainlinemetals,
      author={Mainline Metals Inc.},
      title={Mill surface defects},
      url={https://mainlinemetals.com/resource-term-category/mill-surface-defects},
      urldate={2019-10-17}
}

@ONLINE{defects:rolling,
      author={},
      title={Rolling process},
      year=2017,
      month={November},
      day=16,
      url={https://www.slideshare.net/SivaKumar1226/rolling-process-82171623},
      urldate={2019-10-17}
}

